@inbook{cpluspluscom.1,
    organization="cplusplus.com",
    title="A Brief Description - C++ Information",
    url="http://www.cplusplus.com/info/description/",
    urlaccessdate="3 jun. 2016",
}

@manual{testdrivendevelopment.1,
    author="David Janzen",
    organization="IEEE Computer Society",
    title="Test-Driven Development: Concepts, Taxonomy, and Future Direction",
    url="http://digitalcommons.calpoly.edu/cgi/viewcontent.cgi?article=1034&context=csse_fac",
    year=2015
}

@inbook{cmakeorg.1,
    author="Cmake"
    organization="cmake.org",
    title="Overview | CMake",
    url="https://cmake.org/overview",
    urlaccessdate="3 jun. 2016",
}

@inbook{gitscm.1,
    organization="git-scm.com",
    title="About GIT - Branching and Merging",
    url="https://git-scm.com/about/branching-and-merging",
    urlaccessdate="3 jun. 2016",
}

@inbook{gitscm.2,
    organization="git-scm.com",
    title="About GIT - Small and Fast",
    url="https://git-scm.com/about/small-and-fast",
    urlaccessdate="3 jun. 2016",
}

@inbook{gitscm.3,
    organization="git-scm.com",
    title="About GIT - Distributed",
    url="https://git-scm.com/about/distributed",
    urlaccessdate="3 jun. 2016",
}

@inbook{gitscm.4,
    organization="git-scm.com",
    title="About GIT - Info assurance",
    url="https://git-scm.com/about/info-assurance",
    urlaccessdate="3 jun. 2016",
}

@inbook{gitscm.5,
    organization="git-scm.com",
    title="About GIT - Staging area",
    url="https://git-scm.com/about/staging-area",
    urlaccessdate="3 jun. 2016",
}

@inbook{gitscm.6,
    organization="git-scm.com",
    title="About GIT - Free and opensource",
    url="https://git-scm.com/about/free-and-open-source",
    urlaccessdate="3 jun. 2016",
}

@inbook{cxxtest.1,
    organization="cxxtest.com",
    title="CxxTest User Guide",
    url="http://cxxtest.com/guide.html",
    urlaccessdate="3 jun. 2016",
    year=2014
}

@inbook{travisci.1,
    organization="Travis CI",
    title="Travis CI - Test and Deploy Your Code with Confidence",
    url="https://travis-ci.org/",
    urlaccessdate="3 jun. 2016"
}

@article{vasilescu2015continuous,
  title={Continuous integration in a social-coding world: Empirical evidence from GitHub.** Updated version with corrections**},
  author={Vasilescu, Bogdan and Van Schuylenburg, Stef and Wulms, Jules and Serebrenik, Alexander and van den Brand, Mark GJ},
  journal={arXiv preprint arXiv:1512.01862},
  year={2015}
}

@article{ylonen2006secure,
  title={The secure shell (SSH) protocol architecture},
  author={Ylonen, Tatu and Lonvick, Chris},
  year={2006}
}

@article{ylonen2006secure.2,
  title={The secure shell (SSH) transport layer protocol},
  author={Ylonen, Tatu and Lonvick, Chris},
  year={2006}
}

@article{ylonen2006secure.3,
  title={The secure shell (SSH) connection protocol},
  author={Ylonen, Tatu and Lonvick, Chris},
  year={2006}
}

@inbook{atlassiangit.1,
    organization="Atlassian",
    title="Git Tutorials - Git Workflows",
    url={https://www.atlassian.com/pt/git/workflows},
    urlaccessdate="5 jun. 2016",
}

@incollection{consolaro1996carie,
  title={C{\'a}rie dent{\'a}ria: histopatologia e correla{\c{c}}{\~o}es cl{\'\i}nico-radiogr{\'a}ficas},
  author={Consolaro, Alberto and Pereira, Alessandro Antonio Costa and Taveira, Lu{\'\i}s Antonio de Assis and others},
  booktitle={C{\'a}rie dent{\'a}ria: histopatologia e correla{\c{c}}{\~o}es cl{\'\i}nico-radiogr{\'a}ficas},
  year={1996},
  publisher={FOB}
}



